%% This BibTeX bibliography file was created using BibDesk.
%% http://bibdesk.sourceforge.net/


%% Created for Dongping Zhang at 2015-12-13 19:17:37 -0800 


%% Saved with string encoding Unicode (UTF-8) 



@article{lindquist2008statistical,
	Author = {Haxby JV, Gobbini MI, Furey ML, Ishai A, Schouten JL, and Pietrini P},
	Journal = {Science},
	Pages = {2425--2430},
	Publisher = {Science},
	Title = {Distributed and overlapping representations of faces and objects in ventral temporal cortex},
	Volume = {293},
	Year = {2001}}

@article{objectrec,
	Author = {Haxby, James V. and others},
	Date-Modified = {2015-11-12 06:15:14 +0000},
	Journal = {Science},
	Pages = {2425--2430},
	Publisher = {Science},
	Title = {Distributed and Overlapping Representations of Faces and Objects in Ventral Temporal Cortex},
	Volume = {293},
	Year = {2001}}
